<?xml version="1.0" encoding="UTF-8"?><collection xmlns="http://www.loc.gov/MARC21/slim"><record><leader>00432nam--2200169-i-4500</leader><controlfield tag="001">000024081</controlfield><controlfield tag="002">20161230</controlfield><controlfield tag="005">20170126223840</controlfield><controlfield tag="008">060222s1000------------r-----000-0-eng-d</controlfield><datafield ind1=" " ind2=" " tag="080"><subfield code="a">550.34</subfield></datafield><datafield ind1=" " ind2=" " tag="100"><subfield code="a">Krumbach, Jena G</subfield></datafield><datafield ind1=" " ind2=" " tag="245"><subfield code="a">Seismik. Mit 17 abbildungen</subfield></datafield><datafield ind1=" " ind2=" " tag="260"><subfield code="a">Leipzig</subfield><subfield code="b">Akademische Verlagsgesellschaft M.B.H</subfield><subfield code="c">1931</subfield></datafield><datafield ind1=" " ind2=" " tag="300"><subfield code="a">/441-463/p</subfield></datafield><datafield ind1=" " ind2=" " tag="700"><subfield code="a">Meisser, O</subfield></datafield><datafield ind1=" " ind2=" " tag="852"><subfield code="a">48089</subfield></datafield><datafield ind1=" " ind2=" " tag="CAT"><subfield code="a">SYS</subfield><subfield code="c">20170126</subfield><subfield code="h">223840</subfield></datafield></record></collection>